<record xmlns="http://www.loc.gov/MARC21/slim">
   <leader>01733cam a2200385 i 45 0</leader>
   <controlfield tag="001">6812316</controlfield>
   <controlfield tag="005">20140806081514.0</controlfield>
   <controlfield tag="008">140724s2015    caua          001 0 eng  </controlfield>
   <datafield ind1=" " ind2=" " tag="010">
      <subfield code="a">  2014027489</subfield>
   </datafield>
   <datafield ind1=" " ind2=" " tag="020">
      <subfield code="a">9781607746836 (trade pbk.)</subfield>
   </datafield>
   <datafield ind1=" " ind2=" " tag="020">
      <subfield code="a">9781607746843 (ebook)</subfield>
   </datafield>
   <datafield ind1=" " ind2=" " tag="035">
      <subfield code="a">ocn885547302</subfield>
   </datafield>
   <datafield ind1=" " ind2=" " tag="040">
      <subfield code="a">DNAL/DLC</subfield>
      <subfield code="b">eng</subfield>
      <subfield code="e">rda</subfield>
      <subfield code="c">DNAL</subfield>
      <subfield code="d">AOAC</subfield>
   </datafield>
   <datafield ind1=" " ind2=" " tag="042">
      <subfield code="a">pcc</subfield>
   </datafield>
   <datafield ind1="0" ind2="0" tag="050">
      <subfield code="a">SB321</subfield>
      <subfield code="b">.N45 2015</subfield>
   </datafield>
   <datafield ind1="0" ind2=" " tag="070">
      <subfield code="a">SB321</subfield>
      <subfield code="b">.N46 2015</subfield>
   </datafield>
   <datafield ind1="0" ind2="0" tag="082">
      <subfield code="a">635</subfield>
      <subfield code="2">23</subfield>
   </datafield>
   <datafield ind1=" " ind2=" " tag="090">
      <subfield code="a">SB 321 N45 2015</subfield>
      <subfield code="b">AOAC</subfield>
   </datafield>
   <datafield ind1="1" ind2=" " tag="100">
      <subfield code="a">Newcomb, Karen.</subfield>
   </datafield>
   <datafield ind1="1" ind2="4" tag="245">
      <subfield code="a">The postage stamp vegetable garden :</subfield>
      <subfield code="b">grow tons of organic vegetables in tiny spaces and containers /</subfield>
      <subfield code="c">Karen Newcomb.</subfield>
   </datafield>
   <datafield ind1="1" ind2="3" tag="246">
      <subfield code="a">Grow tons of organic vegetables in tiny spaces and containers</subfield>
   </datafield>
   <datafield ind1=" " ind2=" " tag="250">
      <subfield code="a">First Ten Speed Press edition.</subfield>
   </datafield>
   <datafield ind1=" " ind2="1" tag="264">
      <subfield code="a">Berkeley :</subfield>
      <subfield code="b">Ten Speed Press,</subfield>
      <subfield code="c">2015.</subfield>
   </datafield>
   <datafield ind1=" " ind2=" " tag="300">
      <subfield code="a">[218] pages :</subfield>
      <subfield code="b">illustrations ;</subfield>
      <subfield code="c">23 cm.</subfield>
   </datafield>
   <datafield ind1=" " ind2=" " tag="336">
      <subfield code="a">text</subfield>
      <subfield code="2">rdacontent</subfield>
   </datafield>
   <datafield ind1=" " ind2=" " tag="337">
      <subfield code="a">unmediated</subfield>
      <subfield code="2">rdamedia</subfield>
   </datafield>
   <datafield ind1=" " ind2=" " tag="338">
      <subfield code="a">volume</subfield>
      <subfield code="2">rdacarrier</subfield>
   </datafield>
   <datafield ind1=" " ind2=" " tag="500">
      <subfield code="a">"Originally published in different form as The postage stamp garden book by Adams Media, Holbrook, MA in 1999 and by J.P. Tarcher, Los Angeles, CA in 1976."</subfield>
   </datafield>
   <datafield ind1=" " ind2=" " tag="504">
      <subfield code="a">Includes index.</subfield>
   </datafield>
   <datafield ind1="0" ind2=" " tag="505">
      <subfield code="a">Planning your postage stamp vegetable garden -- The postage stamp soil mix -- Getting your ground ready -- When and how to plant -- Watering your postage stamp vegetable garden -- Heirloom vegetables and herbs you'll love to grow -- Plants that like each other -- Controlling pests, diseases, and critters.</subfield>
   </datafield>
   <datafield ind1=" " ind2=" " tag="596">
      <subfield code="a">33</subfield>
   </datafield>
   <datafield ind1=" " ind2="0" tag="650">
      <subfield code="a">Vegetable gardening.</subfield>
   </datafield>
   <datafield ind1=" " ind2="0" tag="650">
      <subfield code="a">Organic gardening.</subfield>
   </datafield>
   <datafield ind1=" " ind2="0" tag="650">
      <subfield code="a">Small gardens.</subfield>
   </datafield>
   <datafield ind1=" " ind2=" " tag="926">
      <subfield code="a">SB 321 N45 2015</subfield>
      <subfield code="w">LC</subfield>
      <subfield code="c">1</subfield>
      <subfield code="i">0164000902175</subfield>
      <subfield code="d">3/15/2016</subfield>
      <subfield code="e">2/26/2016</subfield>
      <subfield code="l">ON_SHELF</subfield>
      <subfield code="m">OLDS</subfield>
      <subfield code="n">2</subfield>
      <subfield code="r">Y</subfield>
      <subfield code="s">Y</subfield>
      <subfield code="t">BOOK</subfield>
      <subfield code="u">3/20/2015</subfield>
   </datafield>
</record>
